% !TEX root = ./TensorOT.pdf

%%% OT GENERAL %%%



@book{villani2003,
  title={Topics in C. Transportation},
  author={Villani, Cedric},
  series={Graduate studies in Math.},
  year={2003},
  publisher={AMS}
}

@article{santambrogio2015optimal,
  title={Optimal Transport for applied mathematicians},
  author={Santambrogio, F.},
  journal={Progress in Nonlinear Differential Equations and their applications},
  volume={87},
  year={2015},
  publisher={Springer}
}

@article{Monge1781,
	    author = {Monge, G.},
	    journal = {Histoire de l'Acad{\'e}mie Royale des Sciences},
	    pages = {666--704},
	    title = {M{\'e}moire sur la th{\'e}orie des d{\'e}blais et des remblais},
	    year = {1781}
}

@article{Kantorovich42,
	Address = {Hingham, MA, USA},
	Author = {L. Kantorovich},
	Journal = {Doklady Akademii Nauk},
	Number = {2},
	Optannote = {Translated in Management Science, Vol. 5, pp. 1--4, 1959},
	Pages = {227-229},
	Title = {On the transfer of masses (in {R}ussian)},
	Volume = {37},
	Year = {1942}}


@article{benamou2000computational,
	Author = {Benamou, J-D. and Brenier, Y.},
	Date-Added = {2015-02-08 20:05:54 +0000},
	Date-Modified = {2015-06-21 09:48:07 +0000},
	Journal = {Numerische Mathematik},
	Keywords = {optimal transport},
	Number = {3},
	Pages = {375--393},
	Publisher = {Springer},
	Title = {A computational fluid mechanics solution to the {M}onge-{K}antorovich mass transfer problem},
	Volume = {84},
	Year = {2000},}


@article{Brenier91,
    AUTHOR = {Brenier, Y.},
     TITLE = {Polar factorization and monotone rearrangement of
              vector-valued functions},
   JOURNAL = {Comm. Pure Appl. Math.},
  FJOURNAL = {Communications on Pure and Applied Mathematics},
    VOLUME = {44},
      YEAR = {1991},
    NUMBER = {4},
     PAGES = {375--417},
}


@article{agueh-2011,
author = {M. Agueh and G. Carlier},
title = {Barycenters in the {W}asserstein Space},
journal = {SIAM Journal on Mathematical Analysis},
volume = {43},
number = {2},
pages = {904--924},
year = {2011},
}


@BOOK{Burkard09,
  title = {Assignment Problems},
  publisher = {Society for Industrial and Applied Mathematics},
  year = {2009},
  author = {Burkard, R. and Dell'Amico, M. and Martello, S.},
  address = {Philadelphia, PA, USA},
  isbn = {0898716632, 9780898716634}
}

@book{rockafellar-convex,
  title={Convex analysis},
  author={Rockafellar, Ralph Tyrell},
  year={1970},
  publisher={Princeton University Press}
}


%%%% OT APPLICATIONS %%%

@article{rubner-2000,
 author = {Rubner, Yossi and Tomasi, Carlo and Guibas, Leonidas J.},
 title = {The Earth Mover's Distance As a Metric for Image Retrieval},
 journal = {International Journal of Computer Vision},
 volume = {40},
 number = {2},
 month = nov,
 year = {2000},
 pages = {99--121},
} 

@article{bonneel-2011,
 author = {Bonneel, N. and van de Panne, M. and Paris, S. and Heidrich, W.},
 title = {Displacement Interpolation Using {L}agrangian Mass Transport},
 journal = {ACM Trans. Graph.},
  volume = {30},
 number = {6},
 month = dec,
 year = {2011},
 pages = {158:1--158:12},
 } 


@article{deGoes-2012,
 author = {de Goes, F. and Breeden, K. and Ostromoukhov, V. and Desbrun, M.},
 title = {Blue Noise Through Optimal Transport},
 journal = {ACM Trans. Graph.},
 volume = {31},
 number = {6},
 month = nov,
 year = {2012},
 pages = {171:1--171:11},
} 


@article{solomon-2014,
 author = {Solomon, J. and Rustamov, R. and Guibas, L. and Butscher, A.},
 title = {Earth Mover's Distances on Discrete Surfaces},
 journal = {ACM Trans. Graph.},
 volume = {33},
 number = {4},
 month = jul,
 year = {2014},
 pages = {67:1--67:12},
} 

@article{solomon2016entropic,
  title={Entropic Metric Alignment for Correspondence Problems},
  author={Solomon, J. and Peyr{\'e}, G. and Kim, V. and Sra, S.},
  year={2016},
 journal={ACM Transactions on Graphics (TOG)},
  volume={35},
  number={4},
  publisher={ACM}
 }
 
%%% OT UNBALANCED %%%%



@incollection{frogner-2015,
title = {Learning with a {W}asserstein Loss},
author = {Frogner, C. and Zhang, C. and Mobahi, H. and Araya, M. and Poggio, T.},
booktitle = {Advances in Neural Information Processing Systems},
volume = {28},
pages = {2044--2052},
year = {2015},
}


@article{LieroMielkeSavareCourt,
author = {M. Liero and A. Mielke and G. Savar\'e},
title = {Optimal Transport in Competition with Reaction: The {Hellinger--Kantorovich} Distance and Geodesic Curves},
journal = {SIAM Journal on Mathematical Analysis},
volume = {48},
number = {4},
pages = {2869-2911},
year = {2016},
}

@article{LieroMielkeSavareLong,
	Author = {{Liero}, M. and {Mielke}, A. and {Savar{\'e}}, G.},
	Eprint = {1508.07941},
	Journal = {ArXiv e-prints},
	Primaryclass = {math.OC},
	Title = {Optimal Entropy-Transport problems and a new {Hellinger--Kantorovich} distance between positive measures},
	Year = 2015}

@techreport{kondratyev2015,
	Author = {S. Kondratyev and L. Monsaingeon and D. Vorotnikov},
	Date-Added = {2015-06-20 20:53:00 +0000},
	Date-Modified = {2015-06-21 09:53:39 +0000},
	Institution = {Pre-print},
	Title = {A new optimal transport distance on the space of finite {R}adon measures},
	Year = {2015}}	



@Article{2016-chizat-focm,
    title = "An Interpolating Distance between Optimal Transport and {Fisher--Rao}",
     author = "L. Chizat and B. Schmitzer and G. Peyr{\'e} and F-X. Vialard",
	journal = "to appear in Foundations of Computational Mathematics",
	doi = "10.1007/s10208-016-9331-y", 
    volume  = "", 
    pages = "",
     year = "2016",
     url = {http://arxiv.org/abs/1506.06430},
}


@TechReport{2015-chizat-unbalanced,
    title = "Unbalanced Optimal Transport: Geometry and {K}antorovich Formulation",
     author = "L. Chizat and G. Peyr{\'e}  and B. Schmitzer and F-X. Vialard",
     institution = "Arxiv",
     number = "1508.05216",
     type = "Preprint",
     year = "2015",
     url = {http://arxiv.org/abs/1508.05216},
}

@TechReport{2016-chizat-sinkhorn,
    title = "Scaling Algorithms for Unbalanced Transport Problems",
     author = "L. Chizat and G. Peyr{\'e}  and B. Schmitzer and F-X. Vialard",
     institution = "Arxiv",
     number = "1607.05816",
     type = "Preprint",
     year = "2016",
     url = {http://arxiv.org/abs/1607.05816},
}


%%% OT ENTROPY %%%%

@incollection{cuturi-2013, 
    Title = {Sinkhorn Distances: Lightspeed Computation of Optimal Transportation}, 
    Booktitle = {Proc. NIPS}, 
    volume={26},
    Author = {M. Cuturi}, 
    Year = {2013}, 
    Pages = {2292--2300} 
   }

@article{benamou-2015,
author = {J-D. Benamou and G. Carlier and M. Cuturi and L. Nenna and G. Peyr\'e},
title = {Iterative {B}regman Projections for Regularized Transportation Problems},
journal = {SIAM J. Sci. Comp.},
volume = {37},
number = {2},
pages = {A1111--A1138},
year = {2015},
}

@article{solomon-2015,
 author = {Solomon, J. and de Goes, F. and Peyr{\'e}, G. and Cuturi, M. and Butscher, A. and Nguyen, A. and Du, T. and Guibas, L.},
 title = {Convolutional {W}asserstein Distances: Efficient Optimal Transportation on Geometric Domains},
 journal = {TOG},
 volume = {34},
 number = {4},
 month = jul,
 year = {2015},
 pages = {66:1--66:11},
} 


@ARTICLE{Sinkhorn64,
  author = {R. Sinkhorn},
  title = {A relationship between arbitrary positive matrices and doubly stochastic
	matrices},
  journal = {Ann. Math. Statist.},
  year = {1964},
  volume = {35},
  pages = {876--879}
}

@ARTICLE{Schroedinger31,
  author = {E. Schr\"odinger},
  title = {{\"U}ber die {U}mkehrung der {N}aturgesetze},
  journal = {Sitzungsberichte Preuss. Akad. Wiss. Berlin. Phys. Math.},
  year = {1931},
  volume = {144},
  pages = {144--153}
}

@ARTICLE{Schmitzer2016,
  author = {B. Schmitzer},
  title = {Stabilized Sparse Scaling Algorithms for Entropy Regularized Transport Problems},
  journal = {arXiv:1610.06519},
  year = {2016},
}

%%% OPTIM %%%%


@article{bregman-1967,
  title={The relaxation method of finding the common point of convex sets and its application to the solution of problems in convex programming},
  author={Bregman, L. M.},
  journal={{USSR} comp. math. and math. phys.},
  volume={7},
  number={3},
  pages={200--217},
  year={1967},
}

@ARTICLE{Dykstra83,
  author = {R. L. Dykstra},
  title = {An algorithm for restricted least squares regression},
  journal = {J. Amer. Stat.},
  year = {1983},
  volume = {78},
  pages = {839--842},
  number = {384}
}

@ARTICLE{bauschke-lewis,
  author = {Bauschke, H. H. and Lewis, A. S.},
  title = {Dykstra's algorithm with {B}regman projections: a convergence proof},
  journal = {Optimization},
  year = {2000},
  volume = {48},
  pages = {409--427},
  number = {4},
  fjournal = {Optimization. A Journal of Mathematical Programming and Operations
	Research}
}

@article{lewis1996derivatives,
  title={Derivatives of spectral functions},
  author={Lewis, A. S.},
  journal={Mathematics of Operations Research},
  volume={21},
  number={3},
  pages={576--588},
  year={1996},
  publisher={INFORMS}
}


@Article{Chandrasekaran2016,
author="Chandrasekaran, V.
and Shah, P.",
title="Relative entropy optimization and its applications",
journal="Mathematical Programming",
year="2016",
pages="1--32",
issn="1436-4646",
doi="10.1007/s10107-016-0998-2",
url="http://dx.doi.org/10.1007/s10107-016-0998-2"
}


@article{Dhillon2008,
author = {I. S. Dhillon and J. A. Tropp},
title = {Matrix Nearness Problems with {B}regman Divergences},
journal = {SIAM Journal on Matrix Analysis and Applications},
volume = {29},
number = {4},
pages = {1120-1146},
year = {2008},
}

@article{Kulis2009,
 author = {Kulis, B. and Sustik, M. A. and Dhillon, I. S.},
 title = {Low-Rank Kernel Learning with {B}regman Matrix Divergences},
 journal = {J. Mach. Learn. Res.},
 issue_date = {12/1/2009},
 volume = {10},
 month = jun,
 year = {2009},
 issn = {1532-4435},
 pages = {341--376},
 numpages = {36},
 publisher = {JMLR.org},
} 


%%% OT TENSORS %%%%


% dual norms
@inproceedings{Ning2014metrics,
  title={Metrics for matrix-valued measures via test functions},
  author={Ning, L. and Georgiou, T. T.},
  booktitle={53rd IEEE Conference on Decision and Control},
  pages={2642--2647},
  year={2014},
  organization={IEEE}
}




%% space/matrix
@ARTICLE{JiangSpectral, 
author={X. Jiang and L. Ning and T. T. Georgiou}, 
journal={IEEE Transactions on Automatic Control}, 
title={Distances and {R}iemannian Metrics for Multivariate Spectral Densities}, 
year={2012}, 
volume={57}, 
number={7}, 
pages={1723--1735}, 
doi={10.1109/TAC.2012.2183171}, 
ISSN={0018-9286}, 
month={July},
}

%% dynamic space/matrix


%% lifting
@article{ning2015matrix,
  title={On Matrix-Valued {M}onge--{K}antorovich Optimal Mass Transport},
  author={Ning, L. and Georgiou, T. T. and Tannenbaum, A.},
  journal={IEEE transactions on automatic control},
  volume={60},
  number={2},
  pages={373--382},
  year={2015},
  publisher={IEEE}
}


%% dynamic matrix only
@Article{Carlen2014,
author="Carlen, Eric A. and Maas, J.",
title="An Analog of the 2-{W}asserstein Metric in Non-Commutative Probability Under Which the Fermionic {F}okker--{P}lanck Equation is Gradient Flow for the Entropy",
journal="Communications in Mathematical Physics",
year="2014",
volume="331",
number="3",
pages="887--926",
}

@ARTICLE{Chen2016, 
author={Yongxin Chen and Tryphon T. Georgiou and and Allen Tannenbaum}, 
journal={Preprint arXiv:1610.03041}, 
title={Matrix Optimal Mass Transport: A Quantum Mechanical Approach}, 
year={2016}, 
}

@ARTICLE{ChenGangbo17, 
author={Yongxin Chen and Wilfrid Gangbo and Tryphon T. Georgiou and Allen Tannenbaum}, 
journal={Preprint arXiv:1701.02826}, 
title={On the Matrix Monge-Kantorovich Problem}, 
year={2017}, 
}





%% LDDMM
@inproceedings{cao2006diffeomorphic,
  title={Diffeomorphic matching of diffusion tensor images},
  author={Cao, Yan and Miller, Michael I and Mori, Susumu and Winslow, Raimond L and Younes, Laurent},
  booktitle={2006 Conference on Computer Vision and Pattern Recognition Workshop (CVPRW'06)},
  pages={67--67},
  year={2006},
  organization={IEEE}
}

%%% TENSORS %%%%


@article{Dryden2009,
  title={Non-{E}uclidean statistics for covariance matrices, with applications to diffusion tensor imaging},
  author={Dryden, I. L and Koloydenko, A. and Zhou, D.},
  journal={The Annals of Applied Statistics},
  pages={1102--1123},
  year={2009},
}

% line drawing
@Article{VaxmanCDPBHB16,
  title =	"Directional Field Synthesis, Design, and Processing",
  author =	"A. Vaxman and M. Campen and O. Diamanti and
		 D. Panozzo and D. Bommes and K. Hildebrandt
		 and M. Ben-Chen",
  journal =	"Comput. Graph. Forum",
  year = 	"2016",
  number =	"2",
  volume =	"35",
  pages =	"545--572",
}



% tensor vizu
@InProceedings{HotzFHHJJ04,
  title =	"Physically Based Methods for Tensor Field
		 Visualization",
  author =	"I. Hotz and L. Feng and H. Hagen and B.
		 Hamann and K. I. Joy and B. Jeremic",
  publisher =	"IEEE Computer Society",
  year = 	"2004",
  ISBN = 	"0-7803-8788-0",
  pages =	"123--130",
}

% book of weickert

@book{weickert1998anisotropic,
  title={Anisotropic diffusion in image processing},
  author={Weickert, J.},
  volume={1},
  year={1998},
  publisher={Teubner Stuttgart}
}

% papier de david tschumperle
@Inbook{Deriche2006,
author="Deriche, R.
and Tschumpel{\'e}, D.
and Lenglet, C.
and Rousson, M.",
editor="Paragios, Nikos
and Chen, Yunmei
and Faugeras, Olivier",
title="Variational Approaches to the Estimation, Regularizatinn and Segmentation of Diffusion Tensor Images",
bookTitle="Handbook of Mathematical Models in Computer Vision",
year="2006",
publisher="Springer US",
address="Boston, MA",
pages="517--530",
}

@inproceedings{crane2010trivial,
  title={Trivial connections on discrete surfaces},
  author={Crane, Keenan and Desbrun, Mathieu and Schr{\"o}der, Peter},
  booktitle={Computer Graphics Forum},
  volume={29},
  number={5},
  pages={1525--1533},
  year={2010},
  organization={Wiley Online Library}
}

@article{liu2016discrete,
  title={Discrete connection and covariant derivative for vector field analysis and design},
  author={Liu, Beibei and Tong, Yiying and Goes, Fernando De and Desbrun, Mathieu},
  journal={ACM Transactions on Graphics (TOG)},
  volume={35},
  number={3},
  pages={23},
  year={2016},
  publisher={ACM}
}

@article{Aittala2015, 
author = {Aittala, Miika and Weyrich, Tim and Lehtinen, Jaakko}, 
title = {Two-shot SVBRDF Capture for Stationary Materials}, 
journal = {ACM Trans. Graph.}, 
issue_date = {August 2015}, 
volume = {34}, 
number = {4}, 
month = jul, 
year = {2015}, 
issn = {0730-0301}, 
pages = {110:1--110:13}, 
articleno = {110}, 
numpages = {13}, 
url = {http://doi.acm.org/10.1145/2766967}, 
doi = {10.1145/2766967}, 
acmid = {2766967}, 
publisher = {ACM}, 
address = {New York, NY, USA}, 
keywords = {SVBRDF, appearance capture, reflectance, texture synthesis}, 
} 


%% Texture synthesis %%

@article{LagaImproving,
  title={Improving {G}abor Noise},
  author={Lagae, Ares and Lefebvre, Sylvain and Dutr{\'e}, Philip},
  journal={IEEE Transactions on Visualization and Computer Graphics},
  volume={17},
  number={8},
  pages={1096--1107},
  year={2011},
  publisher={IEEE}
}


@inproceedings{LagaeSurvey,
  title={A survey of procedural noise functions},
  author={Lagae, Ares and Lefebvre, Sylvain and Cook, Rob and DeRose, Tony and Drettakis, George and Ebert, David S and Lewis, JP and Perlin, Ken and Zwicker, Matthias},
  booktitle={Computer Graphics Forum},
  volume={29},
  number={8},
  pages={2579--2600},
  year={2010},
  organization={Wiley Online Library}
}

@article{galerne2011random,
  title={Random phase textures: Theory and synthesis},
  author={Galerne, Bruno and Gousseau, Yann and Morel, Jean-Michel},
  journal={IEEE Transactions on image processing},
  volume={20},
  number={1},
  pages={257--267},
  year={2011},
  publisher={IEEE}
}

%% MESHING %%

@inproceedings{labelle2003anisotropic,
  title={Anisotropic voronoi diagrams and guaranteed-quality anisotropic mesh generation},
  author={Labelle, Francois and Shewchuk, Jonathan Richard},
  booktitle={Proceedings of the nineteenth annual symposium on Computational geometry},
  pages={191--200},
  year={2003},
  organization={ACM}
}

@inproceedings{peyre-iccv-09,
  author = {S. Bougleux and G. Peyr{\'e} and L. D. Cohen},
  title = {Image Compression with Anisotropic Geodesic Triangulations},
  pages = {2343--2348},
  year = {2009},
  booktitle = {Proc. of ICCV'09},
}

@article{demaret2006image,
  title={Image compression by linear splines over adaptive triangulations},
  author={Demaret, Laurent and Dyn, Nira and Iske, Armin},
  journal={Signal Processing},
  volume={86},
  number={7},
  pages={1604--1616},
  year={2006},
  publisher={Elsevier}
}

@inproceedings{alliez2003anisotropic,
  title={Anisotropic polygonal remeshing},
  author={Alliez, Pierre and Cohen-Steiner, David and Devillers, Olivier and L{\'e}vy, Bruno and Desbrun, Mathieu},
  booktitle={ACM Transactions on Graphics (TOG)},
  volume={22},
  number={3},
  pages={485--493},
  year={2003},
  organization={ACM}
}

@article{shewchuk2002good,
  title={What is a good linear finite element? {I}nterpolation, conditioning, anisotropy, and quality measures (preprint)},
  author={Shewchuk, J},
  journal={University of California at Berkeley},
  volume={73},
  year={2002}
}

%% DTI %%

@article{le2001diffusion,
  title={Diffusion tensor imaging: concepts and applications},
  author={Le Bihan, Denis and Mangin, Jean-Fran{\c{c}}ois and Poupon, Cyril and Clark, Chris A and Pappata, Sabina and Molko, Nicolas and Chabriat, Hughes},
  journal={Journal of magnetic resonance imaging},
  volume={13},
  number={4},
  pages={534--546},
  year={2001},
  publisher={Wiley Online Library}
}


@article{CaiafaPestilli,
  title={Sparse multiway decomposition for analysis and modeling of diffusion imaging and tractography},
  author={Cesar F. Caiafa and Franco Pestilli},
  journal={arXiv:1505.07170 },
  year={2015},
}


@article{pestilli2014evaluation,
  title={Evaluation and statistical inference for human connectomes},
  author={Pestilli, Franco and Yeatman, Jason D and Rokem, Ariel and Kay, Kendrick N and Wandell, Brian A},
  journal={Nature methods},
  volume={11},
  number={10},
  pages={1058--1063},
  year={2014},
  publisher={Nature Publishing Group}
}

@article{takemura2016ensemble,
  title={Ensemble Tractography},
  author={Takemura, Hiromasa and Caiafa, Cesar F and Wandell, Brian A and Pestilli, Franco},
  journal={PLoS Comput Biol},
  volume={12},
  number={2},
  pages={e1004692},
  year={2016},
  publisher={Public Library of Science}
}

@article{wandell2016clarifying,
  title={Clarifying Human White Matter},
  author={Wandell, Brian A},
  journal={Annual Review of Neuroscience},
  year={2016},
  publisher={Annual Reviews 4139 El Camino Way, PO Box 10139, Palo Alto, California 94303-0139, USA}
}

@article{jbabdi2015measuring,
  title={Measuring macroscopic brain connections in vivo},
  author={Jbabdi, Saad and Sotiropoulos, Stamatios N and Haber, Suzanne N and Van Essen, David C and Behrens, Timothy E},
  journal={Nature neuroscience},
  volume={18},
  number={11},
  pages={1546--1555},
  year={2015},
  publisher={Nature Publishing Group}
}

%% EXPM/LOGM %%


@article{HighamLog,
  title={Improved inverse scaling and squaring algorithms for the matrix logarithm},
  author={Al-Mohy, A. H. and N. J. Higham},
  journal={SIAM J. Sci. Comput.},
  volume={34},
  number={4},
  pages={C153--C169},
  year={2012},
}

@article{HighamExp,
  title={A new scaling and squaring algorithm for the matrix exponential},
  author={Al-Mohy, A. H. and N. J. Higham},
  journal={SIAM J. Sci. Comput.},
  volume={31},
  number={3},
  pages={970--989},
  year={2009},
}








@article{peyre2016quantum,
  title={Quantum Optimal Transport for Tensor Field Processing},
  author={Anonymous},
  journal={arXiv:1612.08731},
  year={2016}
}


%%% GURVITS %%%%

@article{gurvits2004classical,
  title={Classical complexity and quantum entanglement},
  author={Gurvits, L.},
  journal={Journal of Computer and System Sciences},
  volume={69},
  number={3},
  pages={448--484},
  year={2004},
  publisher={Elsevier}
}

@article{georgiou2015positive,
  title={Positive contraction mappings for classical and quantum Schr{\"o}dinger systems},
  author={Georgiou, T. T. and Pavon, M.},
  journal={Journal of Mathematical Physics},
  volume={56},
  number={3},
  pages={033301},
  year={2015},
  publisher={AIP Publishing}
}